% Encoding: UTF-8

@Report{CERN:AnnualReport2019,
  author = {CERN},
  title  = {Annual Report 2019},
  year   = {2020},
  url    = {https://cds.cern.ch/record/2723123/files/AnnualReport2019EN.pdf},
}

@Comment{jabref-meta: databaseType:bibtex;}
